@misc{grosse23,
      title={Studying Large Language Model Generalization with Influence Functions}, 
      author={Roger Grosse and Juhan Bae and Cem Anil and Nelson Elhage and Alex Tamkin and Amirhossein Tajdini and Benoit Steiner and Dustin Li and Esin Durmus and Ethan Perez and Evan Hubinger and Kamilė Lukošiūtė and Karina Nguyen and Nicholas Joseph and Sam McCandlish and Jared Kaplan and Samuel R. Bowman},
      year={2023},
      eprint={2308.03296},
      archivePrefix={arXiv},
      primaryClass={cs.LG}
},
@misc{bae22,
      title={If Influence Functions are the Answer, Then What is the Question?}, 
      author={Juhan Bae and Nathan Ng and Alston Lo and Marzyeh Ghassemi and Roger Grosse},
      year={2022},
      eprint={2209.05364},
      archivePrefix={arXiv},
      primaryClass={cs.LG}
},
@misc{koh20,
      title={Understanding Black-box Predictions via Influence Functions}, 
      author={Pang Wei Koh and Percy Liang},
      year={2020},
      eprint={1703.04730},
      archivePrefix={arXiv},
      primaryClass={stat.ML}
},
@misc{basu21,
      title={Influence Functions in Deep Learning Are Fragile}, 
      author={Samyadeep Basu and Philip Pope and Soheil Feizi},
      year={2021},
      eprint={2006.14651},
      archivePrefix={arXiv},
      primaryClass={cs.LG}
},
% Maybe I can find a better citation than this
@misc{taboga21,
    author = {Taboga, Marco},
    title = {Parameter of a distribution},
    year = {2021},
    url = {https://statlect.com/glossary/parameter},
    publisher = {Statlect},
    note = {Accessed: 2023-11-21}
}
